

@misc{worksafe,
author = {{WorkSafe Victoria}},
title = {Office work: Safety basics},
year = "2020",
publisher = {WorkSafe Victoria},
howpublished = {\url{https://www.worksafe.vic.gov.au/office-work-safety-basics}},
note = {[Online; accessed 30-March-2021]} 
}

  @misc{ wikipiv,
    author = "{Wikipedia contributors}",
    title = "Particle image velocimetry --- {Wikipedia}{,} The Free Encyclopedia",
    year = "2021",
    howpublished = "\url{https://en.wikipedia.org/w/index.php?title=Particle_image_velocimetry&oldid=1012742345}",
    note = "[Online; accessed 30-March-2021]"
  }
  

@misc{openpiv,
author = "OpenPIV",
title = "{OpenPIV: open source particle image velocimetry}",
year = "2014",
howpublished = "\url{http://www.openpiv.net}",
note = "[Online; accessed 31-March-2021]"
}

@book{munson,
author = "Bruce R. Munson, Donald F. Young, Theodore H. Okiishi",
year = "2006",
page = {109-112, 121-123, 465-469},
title = "Fundamentals of Fluid Mechanics, Fifth Edition",
publisher = "Wiley"
}

@misc{aboutdash,
author = "Plotly",
year = "2021",
title = "{Introduction to Dash}",
howpublished = "\url{https://dash.plotly.com/introduction}",
note = "[Online; accessed 31-March-2021]"
}

@misc{pivchallenge,
author = "{PIV Challenge}",
year = "2016",
title = "{PIV Challenge}",
howpublished = "\url{https://www.pivchallenge.org}",
note = "[Online, accessed 1-April-2021]"
}

@misc{dashtut,
author = "Plotly",
year="2021",
title = "Dash tutorial part 1 : installation",
howpublished = "\url{https://dash.plotly.com/installation}",
note = "[Online, accessed 1-April-2021]"
}

@misc{joelspecswhy,
author = "Joel Spolsky",
year = "2000",
title = "Painless functional specifications -- Part 1: Why bother",
howpublished = "\url{https://www.joelonsoftware.com/2000/10/02/painless-functional-specifications-part-1-why-bother/}",
note = "[Online, accessed 2-April-2021]"
}

@misc{joelspecshow,
author = "Joel Spolsky",
year = "2000",
title = "Painless functional specifications -- Part 2: What's a spec?",
howpublished = "\url{https://www.joelonsoftware.com/2000/10/03/painless-functional-specifications-part-2-whats-a-spec/}",
note = "[Online, accessed 2-April-2021]"
}

@article{bilschakvcs,
author = "Blischak JD, Davenport ER, Wilson G",
year = "2016",
title = "A Quick Introduction to Version Control with Git and GitHub",
journal = "PLoS Comput Biol",
volume = "12(1): e1004668",
note = "{doi: \url{10.1371/journal.pcbi.1004668}}"
}

@misc{agile,
author = "{Agile Alliance}",
year = "2021",
title = "12 Principles behind the Agile manifesto",
howpublished = "\url{https://www.agilealliance.org/agile101/12-principles-behind-the-agile-manifesto/}",
note = "[Online, accessed 2-April-2021]"
}

@misc{jira,
author = "Atlassian",
year = "2021",
title = "What is Jira used for?",
howpublished = "\url{https://www.atlassian.com/software/jira/guides/use-cases/what-is-jira-used-for}",
note = "[Online, accessed 2-April-2021]"
}

@misc{wikistokes,
    author = "{Wikipedia contributors}",
    title = "Stokes number --- {Wikipedia}{,} The Free Encyclopedia",
    year = "2021",
    howpublished = "\url{https://en.wikipedia.org/wiki/Stokes_number}",
    note = "[Online; accessed 30-March-2021]"
  }
  